@book{di_pietro_ern_2012,
	title = {Mathematical {Aspects} of {Discontinuous} {Galerkin} {Methods}},
	isbn = {978-3-642-22980-0 3-642-22980-8},
	language = {English},
	publisher = {Springer},
	author = {Di Pietro, Daniele Antonio and Ern, Alexandre},
	year = {2012},
  doi = {10.1007/978-3-642-22980-0}
}

@book{ern2004theory,
  title={Theory and practice of finite elements},
  author={Ern, Alexandre and Guermond, Jean-Luc},
  volume={159},
  year={2004},
  publisher={Springer}
}

@book{brenner2008mathematical,
  title={The mathematical theory of finite element methods},
  author={Brenner, Susanne C and Scott, L Ridgway and Scott, L Ridgway},
  volume={3},
  year={2008},
  publisher={Springer}
}

@article{acosta-soba_CH_2022,
	title = {An upwind {DG} scheme preserving the maximum principle for the convective {Cahn}--{Hilliard} model},
	issn = {1017-1398, 1572-9265},
	doi = {10.1007/s11075-022-01355-2},
	abstract = {The design of numerical approximations of the Cahn-Hilliard model preserving the maximum principle is a challenging problem, even more if considering additional transport terms. In this work, we present a new upwind discontinuous Galerkin scheme for the convective Cahn-Hilliard model with degenerate mobility which preserves the maximum principle and prevents non-physical spurious oscillations. Furthermore, we show some numerical experiments in agreement with the previous theoretical results. Finally, numerical comparisons with other schemes found in the literature are also carried out.},
	language = {en},
	urldate = {2022-09-07},
	journal = {Numerical Algorithms},
	author = {Acosta-Soba, Daniel and Guillén-González, Francisco and Rodríguez-Galván, J. Rafael},
	month = mar,
	year = {2023},
  pages = {1589--1619},
  volume = {92},
  number = {3},
	file = {Acosta-Soba et al. - 2022 - An upwind DG scheme preserving the maximum princip.pdf:/Users/daniel/Zotero/storage/ZED6ERZE/Acosta-Soba et al. - 2022 - An upwind DG scheme preserving the maximum princip.pdf:application/pdf},
}

@article{acosta-soba_KS_2022,
	doi = {10.48550/arxiv.2209.10508},
	author = {Acosta-Soba, Daniel and Guillén-González, Francisco and Rodríguez-Galván, J. Rafael},
	keywords = {Numerical Analysis (math.NA), FOS: Mathematics, FOS: Mathematics},
	title = {An unconditionally energy stable and positive upwind {DG} scheme for the {Keller}--{Segel} model},
	publisher = {arXiv},
  	year = {2022},
	journal={Submitted, arXiv preprint arXiv:2209.10508},
	copyright = {Creative Commons Attribution Share Alike 4.0 International}
}

@article{acosta2023structure,
	doi = {10.48550/arXiv.2304.09257},
	title={A structure-preserving upwind {DG} scheme for a degenerate phase-field tumor model},
	author={Acosta-Soba, Daniel and Guill{\'e}n-Gonz{\'a}lez, Francisco and Galv{\'a}n, J},
	year={2023},
	publisher = {arXiv},
	journal={Submitted, arXiv preprint arXiv:2304.09257},
	copyright = {Creative Commons Attribution Share Alike 4.0 International}
}

@book{allaire2007numerical,
  title={Numerical analysis and optimization: an introduction to mathematical modelling and numerical simulation},
  author={Allaire, Gr{\'e}goire},
  year={2007},
  publisher={OUP Oxford}
}

@book{acosta2019metodos,
  title={M{\'e}todos de {Galerkin} discontinuos para la resoluci{\'o}n num{\'e}rica de {EDP}},
  author={Acosta Soba, Daniel},
  year={2019},
  publisher={Universidad de {C{\'a}diz} ({RODIN})}
}

@article{AlnaesEtal2015,
  title     = {The {FEniCS} Project Version 1.5},
  author    = {M. S. Alnaes and J. Blechta and J. Hake and A. Johansson and B. Kehlet and A. Logg and C. Richardson and J. Ring and M. E. Rognes and G. N. Wells},
  journal   = {Archive of Numerical Software},
  year      = {2015},
  volume    = {3},
  doi       = {10.11588/ans.2015.100.20553},
}
@article{MR3043640,
   AUTHOR = {Hecht, F.},
   TITLE = {New development in FreeFem++},
   JOURNAL = {J. Numer. Math.},
   FJOURNAL = {Journal of Numerical Mathematics},
   VOLUME = {20}, YEAR = {2012},
   NUMBER = {3-4}, PAGES = {251--265},
   ISSN = {1570-2820},
   MRCLASS = {65Y15},
  MRNUMBER = {3043640},
  URL = {https://freefem.org/}}